%YAML 1.1
%TAG !u! tag:unity3d.com,2011:
--- !u!241 &24100000
AudioMixerController:
  m_ObjectHideFlags: 0
  m_PrefabParentObject: {fileID: 0}
  m_PrefabInternal: {fileID: 0}
  m_Name: MusicaPesco
  m_OutputGroup: {fileID: 0}
  m_MasterGroup: {fileID: 24300001}
  m_Snapshots:
  - {fileID: 24500003}
  - {fileID: 245062304423115970}
  - {fileID: 245199258142116692}
  m_StartSnapshot: {fileID: 24500003}
  m_SuspendThreshold: 0
  m_EnableSuspend: 0
  m_UpdateMode: 0
  m_ExposedParameters:
  - guid: 006439a72dc140147a3b0d36c19568a2
    name: VolFX
  - guid: ef4665622ef44e74eb24e6fefed72262
    name: VolMusica
  m_AudioMixerGroupViews:
  - guids:
    - 1cba9084210510747808c8a6ba45b9b4
    - 6dc5f074a6a47b84494637e57c2187e2
    - befad512323a51544a326a83b7c4ed97
    - 53bf065ae2f8aa845acdbbc714682cee
    name: View
  m_CurrentViewIndex: 0
  m_TargetSnapshot: {fileID: 245062304423115970}
--- !u!243 &24300001
AudioMixerGroupController:
  m_ObjectHideFlags: 0
  m_PrefabParentObject: {fileID: 0}
  m_PrefabInternal: {fileID: 0}
  m_Name: Master
  m_AudioMixer: {fileID: 24100000}
  m_GroupID: 1cba9084210510747808c8a6ba45b9b4
  m_Children:
  - {fileID: 243802472700996200}
  - {fileID: 243987946876519642}
  m_Volume: 8e039310f1ebbe94d894f3490c7191c2
  m_Pitch: fc1d70d11ea16014ca4f809616aec716
  m_Effects:
  - {fileID: 24400002}
  m_UserColorIndex: 0
  m_Mute: 0
  m_Solo: 0
  m_BypassEffects: 0
--- !u!244 &24400002
AudioMixerEffectController:
  m_ObjectHideFlags: 3
  m_PrefabParentObject: {fileID: 0}
  m_PrefabInternal: {fileID: 0}
  m_Name: 
  m_EffectID: 23390c4ca115fde4dbb13a7e45b42eb6
  m_EffectName: Attenuation
  m_MixLevel: 7afadb439a2deb341bc04b057543dc16
  m_Parameters: []
  m_SendTarget: {fileID: 0}
  m_EnableWetMix: 0
  m_Bypass: 0
--- !u!245 &24500003
AudioMixerSnapshotController:
  m_ObjectHideFlags: 0
  m_PrefabParentObject: {fileID: 0}
  m_PrefabInternal: {fileID: 0}
  m_Name: Corriendo
  m_AudioMixer: {fileID: 24100000}
  m_SnapshotID: 5a4c3c9ab6476b847a1b37cf04492b3d
  m_FloatValues:
    b939a0a047f34844291d667bffb72f51: 22000
    4773c391e2f8fe148a66a0e9301dc191: 1
    28e25323bf6942e48bc0f7fd157bf319: 10
    fc522d4303b3bef49ac2a378cd419aeb: 0.1
    7e88a5633026a6948babb9f8fccedf94: 0
    b085fa04c1931354283c3908e2107cb0: 0.1
    411ae354b9022ca41a970ac0ff689278: 10
    b7266d94e9cbe114d86f26ab8afc51b6: 0.547
    2e4bb335ee3a47f4d968eb429899087d: 4.89
    4c36e0f59f9c57944854a639169221a5: 1
    e366f2f592e5bd54c9246e0313097d87: 100
    70d549461c52cd04494812c047ca2812: 1
    2532e6e6425c7184cab20823d520f903: 1
    d9ec2c68f6535c54e99cf4250c2bdf6f: 10
    bc6e8e7873cfe9644b66b8004d3c0d2d: 5000
    11838a59f9ccc2d47abd5eecf15eb411: 20
    355043a9e3d87514b9f4ce06a0da7f5e: -29.100052
    cc322ad9195125647b65fc014a6d0b31: 1
    00b8c82d3bc33dc49a3107699adc8adb: 0
    a1baa1ffab12a3c4e964cef1b00aba3c: 1
  m_TransitionOverrides: {}
--- !u!243 &243764250355452050
AudioMixerGroupController:
  m_ObjectHideFlags: 0
  m_PrefabParentObject: {fileID: 0}
  m_PrefabInternal: {fileID: 0}
  m_Name: Nivel1
  m_AudioMixer: {fileID: 24100000}
  m_GroupID: 53bf065ae2f8aa845acdbbc714682cee
  m_Children: []
  m_Volume: 58ee9a13c9550914fac1040652c98b2a
  m_Pitch: 14ebddfb218c36e4287160fa417f10a6
  m_Effects:
  - {fileID: 244936835926229654}
  m_UserColorIndex: 0
  m_Mute: 0
  m_Solo: 0
  m_BypassEffects: 0
--- !u!243 &243802472700996200
AudioMixerGroupController:
  m_ObjectHideFlags: 0
  m_PrefabParentObject: {fileID: 0}
  m_PrefabInternal: {fileID: 0}
  m_Name: Musica
  m_AudioMixer: {fileID: 24100000}
  m_GroupID: 6dc5f074a6a47b84494637e57c2187e2
  m_Children:
  - {fileID: 243764250355452050}
  m_Volume: ef4665622ef44e74eb24e6fefed72262
  m_Pitch: 84537c28bd2b9ae4cbaaabb419632a42
  m_Effects:
  - {fileID: 244087173190492800}
  - {fileID: 244787555672422714}
  - {fileID: 244876417060450546}
  m_UserColorIndex: 0
  m_Mute: 0
  m_Solo: 0
  m_BypassEffects: 0
--- !u!243 &243987946876519642
AudioMixerGroupController:
  m_ObjectHideFlags: 0
  m_PrefabParentObject: {fileID: 0}
  m_PrefabInternal: {fileID: 0}
  m_Name: Efectos
  m_AudioMixer: {fileID: 24100000}
  m_GroupID: befad512323a51544a326a83b7c4ed97
  m_Children: []
  m_Volume: 006439a72dc140147a3b0d36c19568a2
  m_Pitch: 4e5247d479847094bbedb6830ad5d29b
  m_Effects:
  - {fileID: 244201167345186890}
  - {fileID: 244457122335775936}
  m_UserColorIndex: 0
  m_Mute: 0
  m_Solo: 0
  m_BypassEffects: 0
--- !u!244 &244087173190492800
AudioMixerEffectController:
  m_ObjectHideFlags: 3
  m_PrefabParentObject: {fileID: 0}
  m_PrefabInternal: {fileID: 0}
  m_Name: 
  m_EffectID: dbcb93c47d9512546adf306b22f967a0
  m_EffectName: Attenuation
  m_MixLevel: 68759679bea610140bf505624ee4e113
  m_Parameters: []
  m_SendTarget: {fileID: 0}
  m_EnableWetMix: 0
  m_Bypass: 0
--- !u!244 &244201167345186890
AudioMixerEffectController:
  m_ObjectHideFlags: 3
  m_PrefabParentObject: {fileID: 0}
  m_PrefabInternal: {fileID: 0}
  m_Name: Attenuation
  m_EffectID: ec2d6dd54525f5f4c8b2602101950d48
  m_EffectName: Attenuation
  m_MixLevel: 7677f23283cf9b743b965ee85aba0ddf
  m_Parameters: []
  m_SendTarget: {fileID: 0}
  m_EnableWetMix: 0
  m_Bypass: 0
--- !u!244 &244457122335775936
AudioMixerEffectController:
  m_ObjectHideFlags: 3
  m_PrefabParentObject: {fileID: 0}
  m_PrefabInternal: {fileID: 0}
  m_Name: 
  m_EffectID: 5c2c061e739a81741afb9d491c0ea114
  m_EffectName: Send
  m_MixLevel: 00b8c82d3bc33dc49a3107699adc8adb
  m_Parameters: []
  m_SendTarget: {fileID: 244787555672422714}
  m_EnableWetMix: 0
  m_Bypass: 0
--- !u!244 &244787555672422714
AudioMixerEffectController:
  m_ObjectHideFlags: 3
  m_PrefabParentObject: {fileID: 0}
  m_PrefabInternal: {fileID: 0}
  m_Name: 
  m_EffectID: f922b78f6d4ff2a42a347e5c1fb7546f
  m_EffectName: Duck Volume
  m_MixLevel: 3abe3a8db3e007843ad49f2ae588c47f
  m_Parameters:
  - m_ParameterName: Threshold
    m_GUID: 355043a9e3d87514b9f4ce06a0da7f5e
  - m_ParameterName: Ratio
    m_GUID: 2e4bb335ee3a47f4d968eb429899087d
  - m_ParameterName: Attack Time
    m_GUID: fc522d4303b3bef49ac2a378cd419aeb
  - m_ParameterName: Release Time
    m_GUID: b085fa04c1931354283c3908e2107cb0
  - m_ParameterName: Make-up Gain
    m_GUID: 7e88a5633026a6948babb9f8fccedf94
  - m_ParameterName: Knee
    m_GUID: 28e25323bf6942e48bc0f7fd157bf319
  - m_ParameterName: Sidechain Mix
    m_GUID: c6da4f1dda7e86f408e8a265c56209f4
  m_SendTarget: {fileID: 0}
  m_EnableWetMix: 0
  m_Bypass: 0
--- !u!244 &244876417060450546
AudioMixerEffectController:
  m_ObjectHideFlags: 3
  m_PrefabParentObject: {fileID: 0}
  m_PrefabInternal: {fileID: 0}
  m_Name: 
  m_EffectID: d031a5708c79fef4aa603450a40d696c
  m_EffectName: Lowpass Simple
  m_MixLevel: 87108ae6f22558f4c81f85cfaef7b5f1
  m_Parameters:
  - m_ParameterName: Cutoff freq
    m_GUID: bc6e8e7873cfe9644b66b8004d3c0d2d
  m_SendTarget: {fileID: 0}
  m_EnableWetMix: 0
  m_Bypass: 0
--- !u!244 &244936835926229654
AudioMixerEffectController:
  m_ObjectHideFlags: 3
  m_PrefabParentObject: {fileID: 0}
  m_PrefabInternal: {fileID: 0}
  m_Name: 
  m_EffectID: cf8bac2528db11545b93aaabff66e313
  m_EffectName: Attenuation
  m_MixLevel: 73898ead5c6e17f41b4a2de2c0496a65
  m_Parameters: []
  m_SendTarget: {fileID: 0}
  m_EnableWetMix: 0
  m_Bypass: 0
--- !u!245 &245062304423115970
AudioMixerSnapshotController:
  m_ObjectHideFlags: 0
  m_PrefabParentObject: {fileID: 0}
  m_PrefabInternal: {fileID: 0}
  m_Name: Pausado
  m_AudioMixer: {fileID: 24100000}
  m_SnapshotID: d91e5469a1b000243a8588ed80447de5
  m_FloatValues:
    8e039310f1ebbe94d894f3490c7191c2: -9.483837
    ef4665622ef44e74eb24e6fefed72262: 0
    006439a72dc140147a3b0d36c19568a2: 0
    bc6e8e7873cfe9644b66b8004d3c0d2d: 2000
    00b8c82d3bc33dc49a3107699adc8adb: 0
  m_TransitionOverrides: {}
--- !u!245 &245199258142116692
AudioMixerSnapshotController:
  m_ObjectHideFlags: 0
  m_PrefabParentObject: {fileID: 0}
  m_PrefabInternal: {fileID: 0}
  m_Name: BajoAgua
  m_AudioMixer: {fileID: 24100000}
  m_SnapshotID: 3b098b5cc4542da4db783bdb200957ee
  m_FloatValues:
    0d9832301be26f948a9bf1bb03ee6ed5: 0.052
    e510c1484d4142b41816a3843ecc3cdf: 2000
    bc6e8e7873cfe9644b66b8004d3c0d2d: 400
    78bfc179270acde4b86b40bc53b1dc55: 1
    00b8c82d3bc33dc49a3107699adc8adb: 0
    b14ac19d3af83664ca334c137e66a6de: 0.486
  m_TransitionOverrides: {}
